@article{hansman2005taxonomy,
  title={A taxonomy of network and computer attacks},
  author={Hansman, Simon and Hunt, Ray},
  journal={Computers \& Security},
  volume={24},
  number={1},
  pages={31--43},
  year={2005},
  publisher={Elsevier}
}